<?xml version="1.0" encoding="UTF-8"?><collection xmlns="http://www.loc.gov/MARC21/slim"><record><leader>00318nam--2200133-i-4500</leader><controlfield tag="001">000049411</controlfield><controlfield tag="002">20161230</controlfield><controlfield tag="005">20161230201047</controlfield><controlfield tag="008">060222s1000------------r-----000-0-eng-d</controlfield><datafield ind1=" " ind2=" " tag="080"><subfield code="a">621.38(A)</subfield></datafield><datafield ind1=" " ind2=" " tag="100"><subfield code="a">Patrutescu, M</subfield></datafield><datafield ind1=" " ind2=" " tag="245"><subfield code="a">Electronica nucleara</subfield></datafield><datafield ind1=" " ind2=" " tag="260"><subfield code="a">Bucuresti, Ed.Acad.R.S.R., 1972, 546p</subfield></datafield><datafield ind1=" " ind2=" " tag="852"><subfield code="a">37068</subfield></datafield></record></collection>